@online{WP_usage,
title = "Usage statistics and market share of WordPress for websites",
month = jan,
year = "2015", 
url = "http://w3techs.com/technologies/details/cm-wordpress/all/all"
}

@online{Lamosty:blog,
title = "Lamosty.com Blog — Bachelor's thesis",
author = "Rastislav Lamos",
month = feb,
year = "2015", 
url = "https://lamosty.com/category/bachelor-thesis/"
}

@online{WP:main_site,
title = "WordPress › Blog Tool, Publishing Platform, and CMS",
month = feb,
year = "2015", 
url = "https://wordpress.org/"
}

@online{WP:history,
title = "History « WordPress Codex",
month = feb,
year = "2015", 
url = "http://codex.wordpress.org/History"
}

@online{Study:Google,
title = "Speed Is A Killer – Why Decreasing Page Load Time Can Drastically Increase Conversions",
author = "Sherice Jacob",
month = feb,
year = "2015", 
url = "https://blog.kissmetrics.com/speed-is-a-killer/"
}

@online{Fig:Kissmetrics-page-abandonment,
title = "How Loading Time Affects Your Bottom Line",
author = "Sean Work",
month = feb,
year = "2015", 
url = "https://blog.kissmetrics.com/loading-time/"
}

@online{Study:Google-site-speed-seo,
title = "Google incorporating site speed in search rankings",
author = "Matt Cutts",
month = feb,
year = "2015", 
url = "https://www.mattcutts.com/blog/site-speed/"
}

@online{Fig:PHP-opcode-caching,
title = "Speed up PHP with APC - Alternative PHP Cache",
author = "Jacob Nicholson",
month = feb,
year = "2015", 
url = "http://www.inmotionhosting.com/support/website/what-is/speed-up-php-with-apc"
}

@online{Study:Browser-concurrent-downloads,
title = "Get number of concurrent requests by browser",
author = "Steve Wortham",
month = feb,
year = "2015", 
url = "http://stackoverflow.com/questions/7456325/get-number-of-concurrent-requests-by-browser"
}

@online{Service:Smushit,
title = "Yahoo! Smush.it™",
month = feb,
year = "2015", 
url = "http://www.smushit.com/ysmush.it/"
}

@online{Study:Google-compression,
title = "Optimizing encoding and transfer size of text-based assets",
author = "Ilya Grigorik",
month = feb,
year = "2015", 
url = "https://developers.google.com/web/fundamentals/performance/optimizing-content-efficiency/optimize-encoding-and-transfer"
}

@online{Study:SO-gzip-browser-support,
title = "Which browsers handle `Content-Encoding: gzip` and which of them has any special requirements on encodinq quality?",
author = "oezi",
month = feb,
year = "2015", 
url = "http://webmasters.stackexchange.com/questions/22217/which-browsers-handle-content-encoding-gzip-and-which-of-them-has-any-special"
}

@online{Study:Mnot-caching,
title = "Caching Tutorial for Web Authors and Webmasters",
author = "Mark Nottingham",
month = feb,
year = "2015", 
url = "https://www.mnot.net/cache_docs/"
}

@online{Study:CSSwizardy-image-spriting,
title = "Front-end performance for web designers and front-end developers",
author = "Harry Roberts",
month = feb,
year = "2015", 
url = "https://www.mnot.net/cache_docs/"
}

@online{Study:Perf-Garron,
title = "Wordpress Performance Comparison: Using Nginx, Apache, APC and Varnish in Different Scenarios",
author = "Guillermo Garron",
month = feb,
year = "2015", 
url = "http://www.garron.me/en/linux/apache-vs-nginx-php-fpm-varnish-apc-wordpress-performance.html"
}

@online{Study:Perf-WPEngine,
title = "Announcing WP Engine’s High Availability HHVM Platform: Mercury – Labs Alpha",
author = "Tomas Puig",
month = feb,
year = "2015", 
url = "http://wpengine.com/2014/11/19/hhvm-project-mercury/"
}

@online{Study:Perf-XYU.io,
title = "WordPress Performance with HHVM",
author = "Xiao Yu",
month = feb,
year = "2015", 
url = "http://www.xyu.io/2014/09/wordpress-performance-with-hhvm/"
}

@online{Apache:Usage,
title = "Usage statistics and market share of Apache for websites",
author = "W3Techs",
month = april,
year = "2015", 
url = "http://w3techs.com/technologies/details/ws-apache/all/all"
}

@online{Nginx:c10k,
title = "The C10K problem",
author = "Kegel",
month = april,
year = "2015", 
url = "http://www.kegel.com/c10k.html"
}

@online{Hosting:vpsfree.cz,
title = "vpsFree.cz - Virtuální Privátní Servery svobodně",
month = april,
year = "2015", 
url = "https://vpsfree.cz"
}

@online{Hosting:do.com,
title = "SSD Cloud Server, VPS Server, Simple Cloud Hosting | DigitalOcean",
month = april,
year = "2015", 
url = "https://www.digitalocean.com/"
}

@online{Ansible:install,
title = "Installation — Ansible Documentation",
month = april,
year = "2015", 
url = "http://docs.ansible.com/intro_installation.html"
}

@online{Apache:Wiki,
title = "Apache HTTP Server - Wikipedia, the free encyclopedia",
month = april,
year = "2015", 
url = "http://en.wikipedia.org/wiki/Apache_HTTP_Server"
}


@online{WP_Ansible:apache.conf,
title = "Apache HTTP server default configuration file",
month = april,
year = "2015", 
url = "https://github.com/lamosty/wordpress-ansible/blob/master/roles/apache/templates/apache2.conf.j2"
}

@online{Loader.io:main_site,
title = "Apache HTTP server default configuration file on wordpress-ansible GitHub repository",
month = april,
year = "2015", 
url = "http://loader.io/s/XoYdj"
}

@online{Loader.io:apache_mod_php,
title = "Apache2 mod\_php Loader.io testing results page",
month = april,
year = "2015", 
url = "https://loader.io/tests/006c6b80275a4d382dc0bc6f62918869"
}

@online{Htop:main_site,
title = "htop — an interactive process viewer for Linux",
month = april,
year = "2015", 
url = "http://hisham.hm/htop/"
}

@online{Nginx:Wiki,
title = "Nginx - Wikipedia, the free encyclopedia",
month = april,
year = "2015", 
url = "http://en.wikipedia.org/wiki/Nginx"
}

@online{HHVM:Wiki,
title = "HipHop Virtual Machine - Wikipedia, the free encyclopedia",
month = april,
year = "2015", 
url = "http://en.wikipedia.org/wiki/HipHop_Virtual_Machine"
}

@online{Loader.io:nginx_php-fpm,
title = "Nginx PHP-FPM Loader.io testing results page",
month = april,
year = "2015", 
url = "https://loader.io/tests/b60da2f32acd6a06d5d3737d3678e0ee"
}

@online{Loader.io:nginx_hhvm,
title = "Nginx HHVM Loader.io testing results page",
month = april,
year = "2015", 
url = "https://loader.io/tests/2a7a271a8fb56858441baf6dc2444328"
}

@online{Loader.io:nginx_hhvm_wp-advanced,
title = "Nginx HHVM with advanced WordPress Loader.io testing results page",
month = april,
year = "2015", 
url = "https://loader.io/tests/8ed83539ff66aa72a0d0ca27e8ac6b41"
}

@online{WP:Storefront,
title = "Storefront. The Official WooCommerce Theme",
month = april,
year = "2015", 
url = "http://www.woothemes.com/storefront/"
}

@online{WP:WP_Test-dummy-data,
title = "WP Test | The Best Tests For WordPress",
month = april,
year = "2015", 
url = "http://wptest.io/"
}

@online{WP_Ansible:group_vars,
title = "Ansible group variables file on wordpress-ansible GitHub repository",
month = april,
year = "2015", 
url = "https://github.com/lamosty/wordpress-ansible/blob/master/group_vars/webservers"
}

@online{WP:Object-Cache-API,
title = "Class Reference/WP Object Cache « WordPress Codex",
month = april,
year = "2015", 
url = "https://codex.wordpress.org/Class_Reference/WP_Object_Cache"
}

@online{Wiki:in-memory-database,
title = "In-memory database - Wikipedia, the free encyclopedia",
month = april,
year = "2015", 
url = "http://en.wikipedia.org/wiki/In-memory_database"
}

@online{SO:Redis-vs-Memcached,
title = "caching - Memcached vs. Redis? - Stack Overflow",
month = april,
year = "2015", 
url = "http://stackoverflow.com/questions/10558465/memcached-vs-redis"
}

@online{Loader.io:nginx_hhvm_redis,
title = "Nginx HHVM Redis DB caching: A load test by loader.io",
month = april,
year = "2015", 
url = "https://loader.io/tests/0e678e772299fb8b6835a83b341f2da8"
}

@online{Nginx:FastCGI-module,
title = "Module ngx_http_fastcgi_module",
month = april,
year = "2015", 
url = "http://nginx.org/en/docs/http/ngx_http_fastcgi_module.html"
}

@online{Nginx:directives,
title = "Module ngx_http_core_module",
month = april,
year = "2015", 
url = "http://nginx.org/en/docs/http/ngx_http_core_module.html"
}

@online{Loader.io:nginx_hhvm_fastcgi_caching,
title = "Nginx HHVM Advanced FastCGI caching: Load Testing With loader.io",
month = april,
year = "2015", 
url = "http://ldr.io/1cI1XLY"
}

@online{Nginx:server_block,
title = "ServerBlockExample - Nginx Community",
month = april,
year = "2015", 
url = "http://wiki.nginx.org/ServerBlockExample"
}

@online{Wiki:Query-string,
title = "Query string - Wikipedia, the free encyclopedia",
month = april,
year = "2015", 
url = "http://en.wikipedia.org/wiki/Query_string"
}

@online{Wiki:Profiling,
title = "Profiling (computer programming) - Wikipedia, the free encyclopedia",
month = april,
year = "2015", 
url = "http://en.wikipedia.org/wiki/Profiling_%28computer_programming%29"
}

@online{XHProf:About,
title = "XHProf Documentation — Web Archive",
month = april,
year = "2015", 
url = "http://web.archive.org/web/20110514095512/http://mirror.facebook.net/facebook/xhprof/doc.html"
}

@online{Lamosty.com:XHProf,
title = "Profiling WordPress with xhprof on Mac OS X 10.10 - WordPress Explained",
month = april,
year = "2015", 
url = "https://lamosty.com/2015/03/profiling-wordpress-with-xhprof-on-mac-os-x-10-10/"
}

@online{PHP:Autoloading,
title = "PHP: Autoloading Classes - Manual",
month = april,
year = "2015", 
url = "http://php.net/manual/en/language.oop5.autoload.php"
}

@online{Wiki:Time-complexity,
title = "Time complexity - Wikipedia, the free encyclopedia",
month = april,
year = "2015", 
url = "http://en.wikipedia.org/wiki/Time_complexity"
}

@online{SO:PHP-functions-big-O,
title = "performance - List of Big-O for PHP functions - Stack Overflow",
month = april,
year = "2015", 
url = "http://stackoverflow.com/questions/2473989/list-of-big-o-for-php-functions"
}

@online{WP:Plugin-API,
title = "Plugin API « WordPress Codex",
month = april,
year = "2015", 
url = "https://codex.wordpress.org/Plugin_API"
}

@online{WP:Post-Types,
title = "Post Types « WordPress Codex",
month = april,
year = "2015", 
url = "https://codex.wordpress.org/Post_Types"
}

@online{WP:Taxonomies,
title = "Taxonomies « WordPress Codex",
month = april,
year = "2015", 
url = "https://codex.wordpress.org/Taxonomies"
}

@online{Otto:Taxonomy-vs-Postmeta,
title = "When to (not) use a Custom Taxonomy » Otto on WordPress",
month = april,
year = "2015", 
url = "http://ottopress.com/2011/when-to-not-use-a-custom-taxonomy/"
}

@online{10up:Database-Performance,
title = "10up Engineering Best Practices",
month = april,
year = "2015", 
url = "https://10up.github.io/Engineering-Best-Practices/php/"
}

@online{Nginx:Upstream,
title = "Module ngx_http_upstream_module",
month = april,
year = "2015", 
url = "http://nginx.org/en/docs/http/ngx_http_upstream_module.html"
}